@article{kolosov2016study,
    title = {{A study on partial dynamic equation on time scales involving derivatives of polynomials}},
    author = {Kolosov, Petro},
    journal = {{arXiv preprint arXiv:1608.00801}},
    note = {\url {https://arxiv.org/abs/1608.00801}},
    year = {2016}
}
